@inproceedings{hawkeye,
  title={Back to the future: leveraging Belady's algorithm for improved cache replacement},
  author={Jain, Akanksha and Lin, Calvin},
  booktitle={Computer Architecture (ISCA), 2016 ACM/IEEE 43rd Annual International Symposium on},
  pages={78--89},
  year={2016},
  organization={IEEE}
}

@inproceedings{apcm,
  title={Access pattern-aware cache management for improving data utilization in gpu},
  author={Koo, Gunjae and Oh, Yunho and Ro, Won Woo and Annavaram, Murali},
  booktitle={Proceedings of the 44th Annual International Symposium on Computer Architecture},
  pages={307--319},
  year={2017},
  organization={ACM}
}

@inproceedings{rrip,
  title={High performance cache replacement using re-reference interval prediction (RRIP)},
  author={Jaleel, Aamer and Theobald, Kevin B and Steely Jr, Simon C and Emer, Joel},
  booktitle={ACM SIGARCH Computer Architecture News},
  volume={38},
  number={3},
  pages={60--71},
  year={2010},
  organization={ACM}
}

@inproceedings{dip,
  title={Adaptive insertion policies for high performance caching},
  author={Qureshi, Moinuddin K and Jaleel, Aamer and Patt, Yale N and Steely, Simon C and Emer, Joel},
  booktitle={ACM SIGARCH Computer Architecture News},
  volume={35},
  number={2},
  pages={381--391},
  year={2007},
  organization={ACM}
}

@inproceedings{eva,
  title={Maximizing cache performance under uncertainty},
  author={Beckmann, Nathan and Sanchez, Daniel},
  booktitle={High Performance Computer Architecture (HPCA), 2017 IEEE International Symposium on},
  pages={109--120},
  year={2017},
  organization={IEEE}
}
